@article{gilles2014,
    title = {Géographie économique des morts de 14-18 en France},
    journaltitle = {Revue économique},
    author = {Gilles, Henri and Guironnet, Jean-Pascal and Parent, Antoine},
    year = {2014},
    number = {3},
    volume = {vol. 65},
}

@book{ayache1996,
    title = {La guerre du Rif},
    author = {Ayache, Germain},
    year = {1996},
    publisher = {L’Harmattan},
    location = {Paris}
}

@article{chouvy2007,
    title = {Production de cannabis et de haschich au Maroc : contexte et enjeux},
    author = {Chouvy, Pierre-Arnaud}, 
    journaltitle = {L’Espace Politique},
    volume = {vol. 4},
    number = {1},
    date = {2007-04-07},
    urldate = {2022-05-23},
    url = {http://journals.openedition.org/espacepolitique/59},
}

@article{lopez2016,
    title = { La intuición del análisis de redes de los militares españoles durante la guerra del Rif como método de lucha contra el contrabando de armas},
    journaltitle = {Revista hispana para el análisis de redes sociales},
    author = {López, Julián Paniagua},
    year = {2016},
    number = {1},
    volume = {vol. 27},
}

@article{mariot2014,
    title = {« l’impôt du sang» ? L’approche spatiale de la mort de masse},
    journaltitle = {Revue économique},
    author = {Loez, André and Mariot, Nicolas},
    year = {2014},
    number = {3},
    volume = {vol. 65},
}

@article{mouna2008,
    title = {Pour une autre démarche anthropologique : étude de cas du Rif du Maroc},
    journaltitle = {Anthropologie et Sociétés},
    author = {Mouna, Khalid},
    year = {2008},
    number = {1},
    volume = {vol. 32},
}

@article{marly2021,
	title = {La guerre du Rif (1921-1926), une guerre coloniale ?},
	issn = {2677-6588},
	url = {https://ehne.fr/fr/encyclopedie/th%C3%A9matiques/l%E2%80%99europe-et-le-monde/l%E2%80%99europe-et-les-guerres-coloniales/la-guerre-du-rif-1921-1926-une-guerre-coloniale%C2%A0#sommaire-guerre-coloniale-ou-guerre-d-ind-pendance-},
	journaltitle = {Encyclopédie d'histoire numérique de l'Europe },
	author = {Marly, Mathieu},
	urldate = {2022-05-24},
	date = {2021-03-01},
}

@thesis{martel2019,
    title = {La guerre du Rif (1921-1926), une guerre coloniale ?},
    author = {Martel, Thomas},
    institution = {École nationale des chartes},
    location = {Paris},
    journaltitle = {Positions des thèses soutenues par les élèves de la promotion de 2019 pour obtenir le diplôme d'archiviste paléographe, École nationale des chartes},
    year = {2019},
}

@book{schiavon2016,
    title = {La guerre du Rif - Un conflit colonial oublié (1925-1926)},
    author = {Schiavon, Max},
    year = {2016},
    publisher = {Éditions Pierre de Taillac},
    location = {Paris},
}

@book{shd2002,
    title = {Guide des sources de l’histoire du Maroc au Service historique de l’Armée de Terre},
    author = {Sarmant, Thierry and Roucaud, Michel},
    year = {2002},
    publisher = {Service historique de la défense},
    location = {Paris},
}

@book{harris1925,
    title = {France, Spain and the Rif},
    author = {Harris, Walter B.},
    year = {1927},
    publisher = {Arnold},
    location = {London},
}

@book{joubert1927,
    title = {Lettres du Maroc : l'offensive dans le Riff, 1925, la tache de Taza, 1926 / lettre-préface du général Dufieux},
    author = {Joubert, J. (capitaine)},
    year = {1930},
    location = {Paris},
}
